@misc{vscode,
  title = {Visual Studio Code},
  howpublished = {\url{https://code.visualstudio.com/}},
}

@misc{gitlab,
  title = {GitLab},
  howpublished = {\url{https://about.gitlab.com/}},
}

@misc{notion,
  title = {Notion},
  howpublished = {\url{https://www.notion.so/}},
}

@misc{postman,
  title = {Postman},
  howpublished = {\url{https://www.postman.com/}},
}

@misc{dbeaver,
  title = {DBeaver},
  howpublished = {\url{https://dbeaver.io/}},
}

@misc{docker,
  title = {Docker Desktop},
  howpublished = {\url{https://www.docker.com/products/docker-desktop}},
}

@misc{git,
  title = {Git},
  howpublished = {\url{https://git-scm.com/}},
}

@misc{brevo,
  title = {Brevo},
  howpublished = {\url{https://developers.brevo.com/docs/transactional-webhooks}},
}

@misc{node,
  title = {Node.js},
  howpublished = {\url{https://nodejs.org/}},
}

@misc{typescript,
  title = {TypeScript},
  howpublished = {\url{https://www.typescriptlang.org/}},
}

@misc{vue3,
  title = {Vue 3},
  howpublished = {\url{https://vuejs.org/}},
}

@misc{tailwind,
  title = {Tailwind CSS},
  howpublished = {\url{https://tailwindcss.com/}},
}

@misc{fastify,
  title = {Fastify},
  howpublished = {\url{https://www.fastify.io/}},
}

@misc{mjml,
  title = {MJML},
  howpublished = {\url{https://mjml.io/}},
}

@misc{turborepo,
  title = {Turborepo},
  howpublished = {\url{https://turbo.build/repo}},
}

@misc{prisma,
  title = {Prisma},
  howpublished = {\url{https://www.prisma.io/}},
}

@misc{swagger,
  title = {Swagger},
  howpublished = {\url{https://swagger.io/}},
}

@misc{scrum,
  title = {Scrum Guides},
  howpublished = {\url{https://scrumguides.org/scrum-guide.html}},
}